<record xmlns:xsi="http://www.w3.org/2001/XMLSchema-instance" xmlns="http://www.loc.gov/MARC21/slim" xsi:schemaLocation="http://www.loc.gov/MARC21/slim http://www.loc.gov/standards/marcxml/schema/MARC21slim.xsd">

  <leader>00512nam a2200145Ia 4500</leader>
  <datafield ind2=" " ind1=" " tag="999">
    <subfield code="c">1421</subfield>
    <subfield code="d">1421</subfield>
  </datafield>
  <controlfield tag="008">170929b2004    cr ||||| |||| 00| | spa d</controlfield>
  <datafield ind1=" " tag="090" ind2=" ">
    <subfield code="a">06.02.01 </subfield>
    <subfield code="b">1024</subfield>
  </datafield>
  <datafield ind2=" " tag="100" ind1="1">
    <subfield code="a">Fernández Vargas, Xinia</subfield>
    <subfield code="9">3211</subfield>
  </datafield>
  <datafield ind2="0" tag="245" ind1="1">
    <subfield code="a">Género y socialización genérica: conceptos básicos /</subfield>
    <subfield code="c">Fernández Vargas, Xinia</subfield>
  </datafield>
  <datafield ind2=" " tag="260" ind1=" ">
    <subfield code="a">San José, Costa Rica. : </subfield>
    <subfield code="b">INIE, </subfield>
    <subfield code="c">2004</subfield>
  </datafield>
  <datafield tag="300" ind1=" " ind2=" ">
    <subfield code="a">19 páginas</subfield>
  </datafield>
  <datafield ind2=" " tag="500" ind1=" ">
    <subfield code="a">A la cabeza del documento Programa de Investigacion en educación y género - PIEG</subfield>
  </datafield>
  <datafield ind2="4" ind1="1" tag="650">
    <subfield code="a">EDUCACIÓN</subfield>
    <subfield code="9">1</subfield>
  </datafield>
  <datafield ind1="1" tag="650" ind2="4">
    <subfield code="a">GÉNERO</subfield>
    <subfield code="9">69</subfield>
  </datafield>
  <datafield ind2=" " tag="942" ind1=" ">
    <subfield code="2">z</subfield>
    <subfield code="c">04</subfield>
  </datafield>
</record>